%YAML 1.1
%TAG !u! tag:unity3d.com,2011:
--- !u!1 &2150128366906575125
GameObject:
  m_ObjectHideFlags: 0
  m_CorrespondingSourceObject: {fileID: 0}
  m_PrefabInstance: {fileID: 0}
  m_PrefabAsset: {fileID: 0}
  serializedVersion: 6
  m_Component:
  - component: {fileID: 9167215608290695658}
  m_Layer: 0
  m_Name: DialogPos
  m_TagString: Untagged
  m_Icon: {fileID: 0}
  m_NavMeshLayer: 0
  m_StaticEditorFlags: 0
  m_IsActive: 1
--- !u!4 &9167215608290695658
Transform:
  m_ObjectHideFlags: 0
  m_CorrespondingSourceObject: {fileID: 0}
  m_PrefabInstance: {fileID: 0}
  m_PrefabAsset: {fileID: 0}
  m_GameObject: {fileID: 2150128366906575125}
  m_LocalRotation: {x: 0, y: 0, z: 0, w: 1}
  m_LocalPosition: {x: 0, y: 0.845, z: 0}
  m_LocalScale: {x: 1, y: 1, z: 1}
  m_Children: []
  m_Father: {fileID: 6037938732049549026}
  m_RootOrder: 0
  m_LocalEulerAnglesHint: {x: 0, y: 0, z: 0}
--- !u!1 &2593264695713859598
GameObject:
  m_ObjectHideFlags: 0
  m_CorrespondingSourceObject: {fileID: 0}
  m_PrefabInstance: {fileID: 0}
  m_PrefabAsset: {fileID: 0}
  serializedVersion: 6
  m_Component:
  - component: {fileID: 4795050483897371428}
  - component: {fileID: 5690089345367008692}
  - component: {fileID: 2544411251957736043}
  - component: {fileID: 8602429147438662822}
  m_Layer: 0
  m_Name: BigShop
  m_TagString: Untagged
  m_Icon: {fileID: 0}
  m_NavMeshLayer: 0
  m_StaticEditorFlags: 0
  m_IsActive: 1
--- !u!4 &4795050483897371428
Transform:
  m_ObjectHideFlags: 0
  m_CorrespondingSourceObject: {fileID: 0}
  m_PrefabInstance: {fileID: 0}
  m_PrefabAsset: {fileID: 0}
  m_GameObject: {fileID: 2593264695713859598}
  m_LocalRotation: {x: 0, y: 0, z: 0, w: 1}
  m_LocalPosition: {x: 0, y: 0, z: 0}
  m_LocalScale: {x: 1, y: 1, z: 1}
  m_Children:
  - {fileID: 4857590140898379273}
  - {fileID: 4752393778025563687}
  - {fileID: 2334985793084144687}
  - {fileID: 7721846849326580321}
  - {fileID: 2979328232308547884}
  - {fileID: 6037938732049549026}
  m_Father: {fileID: 0}
  m_RootOrder: 0
  m_LocalEulerAnglesHint: {x: 0, y: 0, z: 0}
--- !u!212 &5690089345367008692
SpriteRenderer:
  m_ObjectHideFlags: 0
  m_CorrespondingSourceObject: {fileID: 0}
  m_PrefabInstance: {fileID: 0}
  m_PrefabAsset: {fileID: 0}
  m_GameObject: {fileID: 2593264695713859598}
  m_Enabled: 1
  m_CastShadows: 0
  m_ReceiveShadows: 0
  m_DynamicOccludee: 1
  m_MotionVectors: 1
  m_LightProbeUsage: 1
  m_ReflectionProbeUsage: 1
  m_RayTracingMode: 0
  m_RenderingLayerMask: 1
  m_RendererPriority: 0
  m_Materials:
  - {fileID: 2100000, guid: a97c105638bdf8b4a8650670310a4cd3, type: 2}
  m_StaticBatchInfo:
    firstSubMesh: 0
    subMeshCount: 0
  m_StaticBatchRoot: {fileID: 0}
  m_ProbeAnchor: {fileID: 0}
  m_LightProbeVolumeOverride: {fileID: 0}
  m_ScaleInLightmap: 1
  m_ReceiveGI: 1
  m_PreserveUVs: 0
  m_IgnoreNormalsForChartDetection: 0
  m_ImportantGI: 0
  m_StitchLightmapSeams: 1
  m_SelectedEditorRenderState: 0
  m_MinimumChartSize: 4
  m_AutoUVMaxDistance: 0.5
  m_AutoUVMaxAngle: 89
  m_LightmapParameters: {fileID: 0}
  m_SortingLayerID: -1229896279
  m_SortingLayer: 5
  m_SortingOrder: 0
  m_Sprite: {fileID: 21300000, guid: ebb56b4f473a7124cb3042dffef9c08a, type: 3}
  m_Color: {r: 1, g: 1, b: 1, a: 1}
  m_FlipX: 0
  m_FlipY: 0
  m_DrawMode: 0
  m_Size: {x: 2.61, y: 1.37}
  m_AdaptiveModeThreshold: 0.5
  m_SpriteTileMode: 0
  m_WasSpriteAssigned: 1
  m_MaskInteraction: 0
  m_SpriteSortPoint: 0
--- !u!114 &2544411251957736043
MonoBehaviour:
  m_ObjectHideFlags: 0
  m_CorrespondingSourceObject: {fileID: 0}
  m_PrefabInstance: {fileID: 0}
  m_PrefabAsset: {fileID: 0}
  m_GameObject: {fileID: 2593264695713859598}
  m_Enabled: 1
  m_EditorHideFlags: 0
  m_Script: {fileID: 11500000, guid: bbb28e4a6f3500b49a8d8fd08bae9d9f, type: 3}
  m_Name: 
  m_EditorClassIdentifier: 
  shopKeeper: {fileID: 3267470827873780507}
  allObjectToSort:
  - {fileID: 4857590140898379277}
  - {fileID: 4752393778025563683}
  - {fileID: 2334985793084144683}
  - {fileID: 7721846849326580325}
  - {fileID: 2979328232308547880}
--- !u!61 &8602429147438662822
BoxCollider2D:
  m_ObjectHideFlags: 0
  m_CorrespondingSourceObject: {fileID: 0}
  m_PrefabInstance: {fileID: 0}
  m_PrefabAsset: {fileID: 0}
  m_GameObject: {fileID: 2593264695713859598}
  m_Enabled: 1
  m_Density: 1
  m_Material: {fileID: 0}
  m_IsTrigger: 0
  m_UsedByEffector: 0
  m_UsedByComposite: 0
  m_Offset: {x: -0.006477833, y: -0.2137466}
  m_SpriteTilingProperty:
    border: {x: 0, y: 0, z: 0, w: 0}
    pivot: {x: 0.5, y: 0.5}
    oldSize: {x: 4.04, y: 1.46}
    newSize: {x: 2.61, y: 1.37}
    adaptiveTilingThreshold: 0.5
    drawMode: 0
    adaptiveTiling: 0
  m_AutoTiling: 0
  serializedVersion: 2
  m_Size: {x: 3.7809134, y: 1.0325068}
  m_EdgeRadius: 0
--- !u!1 &4402404434759378864
GameObject:
  m_ObjectHideFlags: 0
  m_CorrespondingSourceObject: {fileID: 0}
  m_PrefabInstance: {fileID: 0}
  m_PrefabAsset: {fileID: 0}
  serializedVersion: 6
  m_Component:
  - component: {fileID: 6037938732049549026}
  - component: {fileID: 3267470827873780507}
  - component: {fileID: 8220270127158188374}
  - component: {fileID: 8690321501827088982}
  m_Layer: 0
  m_Name: Shop_Keeper_Idle_0
  m_TagString: Untagged
  m_Icon: {fileID: 0}
  m_NavMeshLayer: 0
  m_StaticEditorFlags: 0
  m_IsActive: 1
--- !u!4 &6037938732049549026
Transform:
  m_ObjectHideFlags: 0
  m_CorrespondingSourceObject: {fileID: 0}
  m_PrefabInstance: {fileID: 0}
  m_PrefabAsset: {fileID: 0}
  m_GameObject: {fileID: 4402404434759378864}
  m_LocalRotation: {x: -0, y: -0, z: -0, w: 1}
  m_LocalPosition: {x: 0.0050001144, y: 1.038, z: 0}
  m_LocalScale: {x: 1, y: 1, z: 1}
  m_Children:
  - {fileID: 9167215608290695658}
  m_Father: {fileID: 4795050483897371428}
  m_RootOrder: 5
  m_LocalEulerAnglesHint: {x: 0, y: 0, z: 0}
--- !u!212 &3267470827873780507
SpriteRenderer:
  m_ObjectHideFlags: 0
  m_CorrespondingSourceObject: {fileID: 0}
  m_PrefabInstance: {fileID: 0}
  m_PrefabAsset: {fileID: 0}
  m_GameObject: {fileID: 4402404434759378864}
  m_Enabled: 1
  m_CastShadows: 0
  m_ReceiveShadows: 0
  m_DynamicOccludee: 1
  m_MotionVectors: 1
  m_LightProbeUsage: 1
  m_ReflectionProbeUsage: 1
  m_RayTracingMode: 0
  m_RenderingLayerMask: 1
  m_RendererPriority: 0
  m_Materials:
  - {fileID: 2100000, guid: a97c105638bdf8b4a8650670310a4cd3, type: 2}
  m_StaticBatchInfo:
    firstSubMesh: 0
    subMeshCount: 0
  m_StaticBatchRoot: {fileID: 0}
  m_ProbeAnchor: {fileID: 0}
  m_LightProbeVolumeOverride: {fileID: 0}
  m_ScaleInLightmap: 1
  m_ReceiveGI: 1
  m_PreserveUVs: 0
  m_IgnoreNormalsForChartDetection: 0
  m_ImportantGI: 0
  m_StitchLightmapSeams: 1
  m_SelectedEditorRenderState: 0
  m_MinimumChartSize: 4
  m_AutoUVMaxDistance: 0.5
  m_AutoUVMaxAngle: 89
  m_LightmapParameters: {fileID: 0}
  m_SortingLayerID: -1229896279
  m_SortingLayer: 5
  m_SortingOrder: 1
  m_Sprite: {fileID: 2551565156335112095, guid: a3fdd7d967ab6df4e9e53a63b12c42d6,
    type: 3}
  m_Color: {r: 1, g: 1, b: 1, a: 1}
  m_FlipX: 0
  m_FlipY: 0
  m_DrawMode: 0
  m_Size: {x: 1.36, y: 1.89}
  m_AdaptiveModeThreshold: 0.5
  m_SpriteTileMode: 0
  m_WasSpriteAssigned: 1
  m_MaskInteraction: 0
  m_SpriteSortPoint: 0
--- !u!95 &8220270127158188374
Animator:
  serializedVersion: 3
  m_ObjectHideFlags: 0
  m_CorrespondingSourceObject: {fileID: 0}
  m_PrefabInstance: {fileID: 0}
  m_PrefabAsset: {fileID: 0}
  m_GameObject: {fileID: 4402404434759378864}
  m_Enabled: 1
  m_Avatar: {fileID: 0}
  m_Controller: {fileID: 9100000, guid: 5bfa372e0db004647b7f3aeb9c7edee0, type: 2}
  m_CullingMode: 0
  m_UpdateMode: 0
  m_ApplyRootMotion: 0
  m_LinearVelocityBlending: 0
  m_WarningMessage: 
  m_HasTransformHierarchy: 1
  m_AllowConstantClipSamplingOptimization: 1
  m_KeepAnimatorControllerStateOnDisable: 0
--- !u!114 &8690321501827088982
MonoBehaviour:
  m_ObjectHideFlags: 0
  m_CorrespondingSourceObject: {fileID: 0}
  m_PrefabInstance: {fileID: 0}
  m_PrefabAsset: {fileID: 0}
  m_GameObject: {fileID: 4402404434759378864}
  m_Enabled: 1
  m_EditorHideFlags: 0
  m_Script: {fileID: 11500000, guid: c4b2c96a19876544db9e5f139404f873, type: 3}
  m_Name: 
  m_EditorClassIdentifier: 
  prefabDialogue: {fileID: 8718539497626693206, guid: 4bccefa74a0b2ad43859ca8d8c14ac69,
    type: 3}
  dialoguePos: {fileID: 9167215608290695658}
  dialogueTimeOut: 3
  outlineThickness: 3.5
  showInfo: 0
  targetGo: {fileID: 0}
  functionName: 
--- !u!1001 &484554246923659473
PrefabInstance:
  m_ObjectHideFlags: 0
  serializedVersion: 2
  m_Modification:
    m_TransformParent: {fileID: 4795050483897371428}
    m_Modifications:
    - target: {fileID: 1951282039207818935, guid: bf3023184494fd74cb1557aa78b5d2ec,
        type: 3}
      propertyPath: m_SizeDelta.x
      value: 0
      objectReference: {fileID: 0}
    - target: {fileID: 1951282039207818935, guid: bf3023184494fd74cb1557aa78b5d2ec,
        type: 3}
      propertyPath: m_SizeDelta.y
      value: 0
      objectReference: {fileID: 0}
    - target: {fileID: 5225920072422392260, guid: bf3023184494fd74cb1557aa78b5d2ec,
        type: 3}
      propertyPath: m_SizeDelta.x
      value: 0
      objectReference: {fileID: 0}
    - target: {fileID: 5225920072422392260, guid: bf3023184494fd74cb1557aa78b5d2ec,
        type: 3}
      propertyPath: m_SizeDelta.y
      value: 0
      objectReference: {fileID: 0}
    - target: {fileID: 6251884969231812298, guid: bf3023184494fd74cb1557aa78b5d2ec,
        type: 3}
      propertyPath: m_SizeDelta.x
      value: 0
      objectReference: {fileID: 0}
    - target: {fileID: 6251884969231812298, guid: bf3023184494fd74cb1557aa78b5d2ec,
        type: 3}
      propertyPath: m_SizeDelta.y
      value: 0
      objectReference: {fileID: 0}
    - target: {fileID: 7895084239016569520, guid: bf3023184494fd74cb1557aa78b5d2ec,
        type: 3}
      propertyPath: m_LocalPosition.x
      value: 0.85
      objectReference: {fileID: 0}
    - target: {fileID: 7895084239016569520, guid: bf3023184494fd74cb1557aa78b5d2ec,
        type: 3}
      propertyPath: m_LocalPosition.y
      value: 0.35
      objectReference: {fileID: 0}
    - target: {fileID: 7895084239016569520, guid: bf3023184494fd74cb1557aa78b5d2ec,
        type: 3}
      propertyPath: m_LocalPosition.z
      value: 0
      objectReference: {fileID: 0}
    - target: {fileID: 7895084239016569520, guid: bf3023184494fd74cb1557aa78b5d2ec,
        type: 3}
      propertyPath: m_LocalRotation.x
      value: -0
      objectReference: {fileID: 0}
    - target: {fileID: 7895084239016569520, guid: bf3023184494fd74cb1557aa78b5d2ec,
        type: 3}
      propertyPath: m_LocalRotation.y
      value: -0
      objectReference: {fileID: 0}
    - target: {fileID: 7895084239016569520, guid: bf3023184494fd74cb1557aa78b5d2ec,
        type: 3}
      propertyPath: m_LocalRotation.z
      value: -0
      objectReference: {fileID: 0}
    - target: {fileID: 7895084239016569520, guid: bf3023184494fd74cb1557aa78b5d2ec,
        type: 3}
      propertyPath: m_LocalRotation.w
      value: 1
      objectReference: {fileID: 0}
    - target: {fileID: 7895084239016569520, guid: bf3023184494fd74cb1557aa78b5d2ec,
        type: 3}
      propertyPath: m_RootOrder
      value: 3
      objectReference: {fileID: 0}
    - target: {fileID: 7895084239016569520, guid: bf3023184494fd74cb1557aa78b5d2ec,
        type: 3}
      propertyPath: m_LocalEulerAnglesHint.x
      value: 0
      objectReference: {fileID: 0}
    - target: {fileID: 7895084239016569520, guid: bf3023184494fd74cb1557aa78b5d2ec,
        type: 3}
      propertyPath: m_LocalEulerAnglesHint.y
      value: 0
      objectReference: {fileID: 0}
    - target: {fileID: 7895084239016569520, guid: bf3023184494fd74cb1557aa78b5d2ec,
        type: 3}
      propertyPath: m_LocalEulerAnglesHint.z
      value: 0
      objectReference: {fileID: 0}
    - target: {fileID: 7895084239016569522, guid: bf3023184494fd74cb1557aa78b5d2ec,
        type: 3}
      propertyPath: m_SortingLayerID
      value: -1229896279
      objectReference: {fileID: 0}
    - target: {fileID: 7895084239016569522, guid: bf3023184494fd74cb1557aa78b5d2ec,
        type: 3}
      propertyPath: m_SortingLayer
      value: 5
      objectReference: {fileID: 0}
    - target: {fileID: 7895084239016569522, guid: bf3023184494fd74cb1557aa78b5d2ec,
        type: 3}
      propertyPath: m_SortingOrder
      value: 1
      objectReference: {fileID: 0}
    - target: {fileID: 7895084239016569523, guid: bf3023184494fd74cb1557aa78b5d2ec,
        type: 3}
      propertyPath: shopKeeperDialogue
      value: 
      objectReference: {fileID: 8690321501827088982}
    - target: {fileID: 7895084239016569524, guid: bf3023184494fd74cb1557aa78b5d2ec,
        type: 3}
      propertyPath: m_Name
      value: PurchasableItem (3)
      objectReference: {fileID: 0}
    - target: {fileID: 7895084239985535249, guid: bf3023184494fd74cb1557aa78b5d2ec,
        type: 3}
      propertyPath: m_textInfo.characterCount
      value: 3
      objectReference: {fileID: 0}
    - target: {fileID: 7895084239985535249, guid: bf3023184494fd74cb1557aa78b5d2ec,
        type: 3}
      propertyPath: m_textInfo.wordCount
      value: 1
      objectReference: {fileID: 0}
    - target: {fileID: 7895084239985535249, guid: bf3023184494fd74cb1557aa78b5d2ec,
        type: 3}
      propertyPath: m_textInfo.lineCount
      value: 1
      objectReference: {fileID: 0}
    - target: {fileID: 7895084239985535249, guid: bf3023184494fd74cb1557aa78b5d2ec,
        type: 3}
      propertyPath: m_textInfo.pageCount
      value: 1
      objectReference: {fileID: 0}
    - target: {fileID: 7895084239985535262, guid: bf3023184494fd74cb1557aa78b5d2ec,
        type: 3}
      propertyPath: m_SizeDelta.x
      value: 0
      objectReference: {fileID: 0}
    - target: {fileID: 7895084239985535262, guid: bf3023184494fd74cb1557aa78b5d2ec,
        type: 3}
      propertyPath: m_SizeDelta.y
      value: 0
      objectReference: {fileID: 0}
    - target: {fileID: 7895084240226088692, guid: bf3023184494fd74cb1557aa78b5d2ec,
        type: 3}
      propertyPath: m_textInfo.characterCount
      value: 8
      objectReference: {fileID: 0}
    - target: {fileID: 7895084240226088692, guid: bf3023184494fd74cb1557aa78b5d2ec,
        type: 3}
      propertyPath: m_textInfo.spaceCount
      value: 1
      objectReference: {fileID: 0}
    - target: {fileID: 7895084240226088692, guid: bf3023184494fd74cb1557aa78b5d2ec,
        type: 3}
      propertyPath: m_textInfo.wordCount
      value: 2
      objectReference: {fileID: 0}
    - target: {fileID: 7895084240226088692, guid: bf3023184494fd74cb1557aa78b5d2ec,
        type: 3}
      propertyPath: m_textInfo.lineCount
      value: 1
      objectReference: {fileID: 0}
    - target: {fileID: 7895084240226088692, guid: bf3023184494fd74cb1557aa78b5d2ec,
        type: 3}
      propertyPath: m_textInfo.pageCount
      value: 1
      objectReference: {fileID: 0}
    - target: {fileID: 7895084240226088693, guid: bf3023184494fd74cb1557aa78b5d2ec,
        type: 3}
      propertyPath: m_SizeDelta.x
      value: 0
      objectReference: {fileID: 0}
    - target: {fileID: 7895084240226088693, guid: bf3023184494fd74cb1557aa78b5d2ec,
        type: 3}
      propertyPath: m_SizeDelta.y
      value: 0
      objectReference: {fileID: 0}
    m_RemovedComponents: []
  m_SourcePrefab: {fileID: 100100000, guid: bf3023184494fd74cb1557aa78b5d2ec, type: 3}
--- !u!1 &7721846849326580325 stripped
GameObject:
  m_CorrespondingSourceObject: {fileID: 7895084239016569524, guid: bf3023184494fd74cb1557aa78b5d2ec,
    type: 3}
  m_PrefabInstance: {fileID: 484554246923659473}
  m_PrefabAsset: {fileID: 0}
--- !u!4 &7721846849326580321 stripped
Transform:
  m_CorrespondingSourceObject: {fileID: 7895084239016569520, guid: bf3023184494fd74cb1557aa78b5d2ec,
    type: 3}
  m_PrefabInstance: {fileID: 484554246923659473}
  m_PrefabAsset: {fileID: 0}
--- !u!1001 &3198432867237735575
PrefabInstance:
  m_ObjectHideFlags: 0
  serializedVersion: 2
  m_Modification:
    m_TransformParent: {fileID: 4795050483897371428}
    m_Modifications:
    - target: {fileID: 1951282039207818935, guid: bf3023184494fd74cb1557aa78b5d2ec,
        type: 3}
      propertyPath: m_SizeDelta.x
      value: 0
      objectReference: {fileID: 0}
    - target: {fileID: 1951282039207818935, guid: bf3023184494fd74cb1557aa78b5d2ec,
        type: 3}
      propertyPath: m_SizeDelta.y
      value: 0
      objectReference: {fileID: 0}
    - target: {fileID: 5225920072422392260, guid: bf3023184494fd74cb1557aa78b5d2ec,
        type: 3}
      propertyPath: m_SizeDelta.x
      value: 0
      objectReference: {fileID: 0}
    - target: {fileID: 5225920072422392260, guid: bf3023184494fd74cb1557aa78b5d2ec,
        type: 3}
      propertyPath: m_SizeDelta.y
      value: 0
      objectReference: {fileID: 0}
    - target: {fileID: 6251884969231812298, guid: bf3023184494fd74cb1557aa78b5d2ec,
        type: 3}
      propertyPath: m_SizeDelta.x
      value: 0
      objectReference: {fileID: 0}
    - target: {fileID: 6251884969231812298, guid: bf3023184494fd74cb1557aa78b5d2ec,
        type: 3}
      propertyPath: m_SizeDelta.y
      value: 0
      objectReference: {fileID: 0}
    - target: {fileID: 7895084239016569520, guid: bf3023184494fd74cb1557aa78b5d2ec,
        type: 3}
      propertyPath: m_LocalPosition.x
      value: -0.85
      objectReference: {fileID: 0}
    - target: {fileID: 7895084239016569520, guid: bf3023184494fd74cb1557aa78b5d2ec,
        type: 3}
      propertyPath: m_LocalPosition.y
      value: 0.35
      objectReference: {fileID: 0}
    - target: {fileID: 7895084239016569520, guid: bf3023184494fd74cb1557aa78b5d2ec,
        type: 3}
      propertyPath: m_LocalPosition.z
      value: 0
      objectReference: {fileID: 0}
    - target: {fileID: 7895084239016569520, guid: bf3023184494fd74cb1557aa78b5d2ec,
        type: 3}
      propertyPath: m_LocalRotation.x
      value: -0
      objectReference: {fileID: 0}
    - target: {fileID: 7895084239016569520, guid: bf3023184494fd74cb1557aa78b5d2ec,
        type: 3}
      propertyPath: m_LocalRotation.y
      value: -0
      objectReference: {fileID: 0}
    - target: {fileID: 7895084239016569520, guid: bf3023184494fd74cb1557aa78b5d2ec,
        type: 3}
      propertyPath: m_LocalRotation.z
      value: -0
      objectReference: {fileID: 0}
    - target: {fileID: 7895084239016569520, guid: bf3023184494fd74cb1557aa78b5d2ec,
        type: 3}
      propertyPath: m_LocalRotation.w
      value: 1
      objectReference: {fileID: 0}
    - target: {fileID: 7895084239016569520, guid: bf3023184494fd74cb1557aa78b5d2ec,
        type: 3}
      propertyPath: m_RootOrder
      value: 1
      objectReference: {fileID: 0}
    - target: {fileID: 7895084239016569520, guid: bf3023184494fd74cb1557aa78b5d2ec,
        type: 3}
      propertyPath: m_LocalEulerAnglesHint.x
      value: 0
      objectReference: {fileID: 0}
    - target: {fileID: 7895084239016569520, guid: bf3023184494fd74cb1557aa78b5d2ec,
        type: 3}
      propertyPath: m_LocalEulerAnglesHint.y
      value: 0
      objectReference: {fileID: 0}
    - target: {fileID: 7895084239016569520, guid: bf3023184494fd74cb1557aa78b5d2ec,
        type: 3}
      propertyPath: m_LocalEulerAnglesHint.z
      value: 0
      objectReference: {fileID: 0}
    - target: {fileID: 7895084239016569522, guid: bf3023184494fd74cb1557aa78b5d2ec,
        type: 3}
      propertyPath: m_SortingLayerID
      value: -1229896279
      objectReference: {fileID: 0}
    - target: {fileID: 7895084239016569522, guid: bf3023184494fd74cb1557aa78b5d2ec,
        type: 3}
      propertyPath: m_SortingLayer
      value: 5
      objectReference: {fileID: 0}
    - target: {fileID: 7895084239016569522, guid: bf3023184494fd74cb1557aa78b5d2ec,
        type: 3}
      propertyPath: m_SortingOrder
      value: 1
      objectReference: {fileID: 0}
    - target: {fileID: 7895084239016569523, guid: bf3023184494fd74cb1557aa78b5d2ec,
        type: 3}
      propertyPath: shopKeeperDialogue
      value: 
      objectReference: {fileID: 8690321501827088982}
    - target: {fileID: 7895084239016569524, guid: bf3023184494fd74cb1557aa78b5d2ec,
        type: 3}
      propertyPath: m_Name
      value: PurchasableItem (1)
      objectReference: {fileID: 0}
    - target: {fileID: 7895084239985535249, guid: bf3023184494fd74cb1557aa78b5d2ec,
        type: 3}
      propertyPath: m_textInfo.characterCount
      value: 3
      objectReference: {fileID: 0}
    - target: {fileID: 7895084239985535249, guid: bf3023184494fd74cb1557aa78b5d2ec,
        type: 3}
      propertyPath: m_textInfo.wordCount
      value: 1
      objectReference: {fileID: 0}
    - target: {fileID: 7895084239985535249, guid: bf3023184494fd74cb1557aa78b5d2ec,
        type: 3}
      propertyPath: m_textInfo.lineCount
      value: 1
      objectReference: {fileID: 0}
    - target: {fileID: 7895084239985535249, guid: bf3023184494fd74cb1557aa78b5d2ec,
        type: 3}
      propertyPath: m_textInfo.pageCount
      value: 1
      objectReference: {fileID: 0}
    - target: {fileID: 7895084239985535262, guid: bf3023184494fd74cb1557aa78b5d2ec,
        type: 3}
      propertyPath: m_SizeDelta.x
      value: 0
      objectReference: {fileID: 0}
    - target: {fileID: 7895084239985535262, guid: bf3023184494fd74cb1557aa78b5d2ec,
        type: 3}
      propertyPath: m_SizeDelta.y
      value: 0
      objectReference: {fileID: 0}
    - target: {fileID: 7895084240226088692, guid: bf3023184494fd74cb1557aa78b5d2ec,
        type: 3}
      propertyPath: m_textInfo.characterCount
      value: 8
      objectReference: {fileID: 0}
    - target: {fileID: 7895084240226088692, guid: bf3023184494fd74cb1557aa78b5d2ec,
        type: 3}
      propertyPath: m_textInfo.spaceCount
      value: 1
      objectReference: {fileID: 0}
    - target: {fileID: 7895084240226088692, guid: bf3023184494fd74cb1557aa78b5d2ec,
        type: 3}
      propertyPath: m_textInfo.wordCount
      value: 2
      objectReference: {fileID: 0}
    - target: {fileID: 7895084240226088692, guid: bf3023184494fd74cb1557aa78b5d2ec,
        type: 3}
      propertyPath: m_textInfo.lineCount
      value: 1
      objectReference: {fileID: 0}
    - target: {fileID: 7895084240226088692, guid: bf3023184494fd74cb1557aa78b5d2ec,
        type: 3}
      propertyPath: m_textInfo.pageCount
      value: 1
      objectReference: {fileID: 0}
    - target: {fileID: 7895084240226088693, guid: bf3023184494fd74cb1557aa78b5d2ec,
        type: 3}
      propertyPath: m_SizeDelta.x
      value: 0
      objectReference: {fileID: 0}
    - target: {fileID: 7895084240226088693, guid: bf3023184494fd74cb1557aa78b5d2ec,
        type: 3}
      propertyPath: m_SizeDelta.y
      value: 0
      objectReference: {fileID: 0}
    m_RemovedComponents: []
  m_SourcePrefab: {fileID: 100100000, guid: bf3023184494fd74cb1557aa78b5d2ec, type: 3}
--- !u!1 &4752393778025563683 stripped
GameObject:
  m_CorrespondingSourceObject: {fileID: 7895084239016569524, guid: bf3023184494fd74cb1557aa78b5d2ec,
    type: 3}
  m_PrefabInstance: {fileID: 3198432867237735575}
  m_PrefabAsset: {fileID: 0}
--- !u!4 &4752393778025563687 stripped
Transform:
  m_CorrespondingSourceObject: {fileID: 7895084239016569520, guid: bf3023184494fd74cb1557aa78b5d2ec,
    type: 3}
  m_PrefabInstance: {fileID: 3198432867237735575}
  m_PrefabAsset: {fileID: 0}
--- !u!1001 &3384834683659234489
PrefabInstance:
  m_ObjectHideFlags: 0
  serializedVersion: 2
  m_Modification:
    m_TransformParent: {fileID: 4795050483897371428}
    m_Modifications:
    - target: {fileID: 1951282039207818935, guid: bf3023184494fd74cb1557aa78b5d2ec,
        type: 3}
      propertyPath: m_SizeDelta.x
      value: 0
      objectReference: {fileID: 0}
    - target: {fileID: 1951282039207818935, guid: bf3023184494fd74cb1557aa78b5d2ec,
        type: 3}
      propertyPath: m_SizeDelta.y
      value: 0
      objectReference: {fileID: 0}
    - target: {fileID: 5225920072422392260, guid: bf3023184494fd74cb1557aa78b5d2ec,
        type: 3}
      propertyPath: m_SizeDelta.x
      value: 0
      objectReference: {fileID: 0}
    - target: {fileID: 5225920072422392260, guid: bf3023184494fd74cb1557aa78b5d2ec,
        type: 3}
      propertyPath: m_SizeDelta.y
      value: 0
      objectReference: {fileID: 0}
    - target: {fileID: 6251884969231812298, guid: bf3023184494fd74cb1557aa78b5d2ec,
        type: 3}
      propertyPath: m_SizeDelta.x
      value: 0
      objectReference: {fileID: 0}
    - target: {fileID: 6251884969231812298, guid: bf3023184494fd74cb1557aa78b5d2ec,
        type: 3}
      propertyPath: m_SizeDelta.y
      value: 0
      objectReference: {fileID: 0}
    - target: {fileID: 7895084239016569520, guid: bf3023184494fd74cb1557aa78b5d2ec,
        type: 3}
      propertyPath: m_LocalPosition.x
      value: -1.7
      objectReference: {fileID: 0}
    - target: {fileID: 7895084239016569520, guid: bf3023184494fd74cb1557aa78b5d2ec,
        type: 3}
      propertyPath: m_LocalPosition.y
      value: 0.35
      objectReference: {fileID: 0}
    - target: {fileID: 7895084239016569520, guid: bf3023184494fd74cb1557aa78b5d2ec,
        type: 3}
      propertyPath: m_LocalPosition.z
      value: 0
      objectReference: {fileID: 0}
    - target: {fileID: 7895084239016569520, guid: bf3023184494fd74cb1557aa78b5d2ec,
        type: 3}
      propertyPath: m_LocalRotation.x
      value: -0
      objectReference: {fileID: 0}
    - target: {fileID: 7895084239016569520, guid: bf3023184494fd74cb1557aa78b5d2ec,
        type: 3}
      propertyPath: m_LocalRotation.y
      value: -0
      objectReference: {fileID: 0}
    - target: {fileID: 7895084239016569520, guid: bf3023184494fd74cb1557aa78b5d2ec,
        type: 3}
      propertyPath: m_LocalRotation.z
      value: -0
      objectReference: {fileID: 0}
    - target: {fileID: 7895084239016569520, guid: bf3023184494fd74cb1557aa78b5d2ec,
        type: 3}
      propertyPath: m_LocalRotation.w
      value: 1
      objectReference: {fileID: 0}
    - target: {fileID: 7895084239016569520, guid: bf3023184494fd74cb1557aa78b5d2ec,
        type: 3}
      propertyPath: m_RootOrder
      value: 0
      objectReference: {fileID: 0}
    - target: {fileID: 7895084239016569520, guid: bf3023184494fd74cb1557aa78b5d2ec,
        type: 3}
      propertyPath: m_LocalEulerAnglesHint.x
      value: 0
      objectReference: {fileID: 0}
    - target: {fileID: 7895084239016569520, guid: bf3023184494fd74cb1557aa78b5d2ec,
        type: 3}
      propertyPath: m_LocalEulerAnglesHint.y
      value: 0
      objectReference: {fileID: 0}
    - target: {fileID: 7895084239016569520, guid: bf3023184494fd74cb1557aa78b5d2ec,
        type: 3}
      propertyPath: m_LocalEulerAnglesHint.z
      value: 0
      objectReference: {fileID: 0}
    - target: {fileID: 7895084239016569522, guid: bf3023184494fd74cb1557aa78b5d2ec,
        type: 3}
      propertyPath: m_SortingLayerID
      value: -1229896279
      objectReference: {fileID: 0}
    - target: {fileID: 7895084239016569522, guid: bf3023184494fd74cb1557aa78b5d2ec,
        type: 3}
      propertyPath: m_SortingLayer
      value: 5
      objectReference: {fileID: 0}
    - target: {fileID: 7895084239016569522, guid: bf3023184494fd74cb1557aa78b5d2ec,
        type: 3}
      propertyPath: m_SortingOrder
      value: 1
      objectReference: {fileID: 0}
    - target: {fileID: 7895084239016569523, guid: bf3023184494fd74cb1557aa78b5d2ec,
        type: 3}
      propertyPath: shopKeeperDialogue
      value: 
      objectReference: {fileID: 8690321501827088982}
    - target: {fileID: 7895084239016569524, guid: bf3023184494fd74cb1557aa78b5d2ec,
        type: 3}
      propertyPath: m_Name
      value: PurchasableItem
      objectReference: {fileID: 0}
    - target: {fileID: 7895084239985535249, guid: bf3023184494fd74cb1557aa78b5d2ec,
        type: 3}
      propertyPath: m_textInfo.characterCount
      value: 3
      objectReference: {fileID: 0}
    - target: {fileID: 7895084239985535249, guid: bf3023184494fd74cb1557aa78b5d2ec,
        type: 3}
      propertyPath: m_textInfo.wordCount
      value: 1
      objectReference: {fileID: 0}
    - target: {fileID: 7895084239985535249, guid: bf3023184494fd74cb1557aa78b5d2ec,
        type: 3}
      propertyPath: m_textInfo.lineCount
      value: 1
      objectReference: {fileID: 0}
    - target: {fileID: 7895084239985535249, guid: bf3023184494fd74cb1557aa78b5d2ec,
        type: 3}
      propertyPath: m_textInfo.pageCount
      value: 1
      objectReference: {fileID: 0}
    - target: {fileID: 7895084239985535262, guid: bf3023184494fd74cb1557aa78b5d2ec,
        type: 3}
      propertyPath: m_SizeDelta.x
      value: 0
      objectReference: {fileID: 0}
    - target: {fileID: 7895084239985535262, guid: bf3023184494fd74cb1557aa78b5d2ec,
        type: 3}
      propertyPath: m_SizeDelta.y
      value: 0
      objectReference: {fileID: 0}
    - target: {fileID: 7895084240226088692, guid: bf3023184494fd74cb1557aa78b5d2ec,
        type: 3}
      propertyPath: m_textInfo.characterCount
      value: 8
      objectReference: {fileID: 0}
    - target: {fileID: 7895084240226088692, guid: bf3023184494fd74cb1557aa78b5d2ec,
        type: 3}
      propertyPath: m_textInfo.spaceCount
      value: 1
      objectReference: {fileID: 0}
    - target: {fileID: 7895084240226088692, guid: bf3023184494fd74cb1557aa78b5d2ec,
        type: 3}
      propertyPath: m_textInfo.wordCount
      value: 2
      objectReference: {fileID: 0}
    - target: {fileID: 7895084240226088692, guid: bf3023184494fd74cb1557aa78b5d2ec,
        type: 3}
      propertyPath: m_textInfo.lineCount
      value: 1
      objectReference: {fileID: 0}
    - target: {fileID: 7895084240226088692, guid: bf3023184494fd74cb1557aa78b5d2ec,
        type: 3}
      propertyPath: m_textInfo.pageCount
      value: 1
      objectReference: {fileID: 0}
    - target: {fileID: 7895084240226088693, guid: bf3023184494fd74cb1557aa78b5d2ec,
        type: 3}
      propertyPath: m_SizeDelta.x
      value: 0
      objectReference: {fileID: 0}
    - target: {fileID: 7895084240226088693, guid: bf3023184494fd74cb1557aa78b5d2ec,
        type: 3}
      propertyPath: m_SizeDelta.y
      value: 0
      objectReference: {fileID: 0}
    m_RemovedComponents: []
  m_SourcePrefab: {fileID: 100100000, guid: bf3023184494fd74cb1557aa78b5d2ec, type: 3}
--- !u!1 &4857590140898379277 stripped
GameObject:
  m_CorrespondingSourceObject: {fileID: 7895084239016569524, guid: bf3023184494fd74cb1557aa78b5d2ec,
    type: 3}
  m_PrefabInstance: {fileID: 3384834683659234489}
  m_PrefabAsset: {fileID: 0}
--- !u!4 &4857590140898379273 stripped
Transform:
  m_CorrespondingSourceObject: {fileID: 7895084239016569520, guid: bf3023184494fd74cb1557aa78b5d2ec,
    type: 3}
  m_PrefabInstance: {fileID: 3384834683659234489}
  m_PrefabAsset: {fileID: 0}
--- !u!1001 &4956293255996443548
PrefabInstance:
  m_ObjectHideFlags: 0
  serializedVersion: 2
  m_Modification:
    m_TransformParent: {fileID: 4795050483897371428}
    m_Modifications:
    - target: {fileID: 1951282039207818935, guid: bf3023184494fd74cb1557aa78b5d2ec,
        type: 3}
      propertyPath: m_SizeDelta.x
      value: 0
      objectReference: {fileID: 0}
    - target: {fileID: 1951282039207818935, guid: bf3023184494fd74cb1557aa78b5d2ec,
        type: 3}
      propertyPath: m_SizeDelta.y
      value: 0
      objectReference: {fileID: 0}
    - target: {fileID: 5225920072422392260, guid: bf3023184494fd74cb1557aa78b5d2ec,
        type: 3}
      propertyPath: m_SizeDelta.x
      value: 0
      objectReference: {fileID: 0}
    - target: {fileID: 5225920072422392260, guid: bf3023184494fd74cb1557aa78b5d2ec,
        type: 3}
      propertyPath: m_SizeDelta.y
      value: 0
      objectReference: {fileID: 0}
    - target: {fileID: 6251884969231812298, guid: bf3023184494fd74cb1557aa78b5d2ec,
        type: 3}
      propertyPath: m_SizeDelta.x
      value: 0
      objectReference: {fileID: 0}
    - target: {fileID: 6251884969231812298, guid: bf3023184494fd74cb1557aa78b5d2ec,
        type: 3}
      propertyPath: m_SizeDelta.y
      value: 0
      objectReference: {fileID: 0}
    - target: {fileID: 7895084239016569520, guid: bf3023184494fd74cb1557aa78b5d2ec,
        type: 3}
      propertyPath: m_LocalPosition.x
      value: 1.7
      objectReference: {fileID: 0}
    - target: {fileID: 7895084239016569520, guid: bf3023184494fd74cb1557aa78b5d2ec,
        type: 3}
      propertyPath: m_LocalPosition.y
      value: 0.35
      objectReference: {fileID: 0}
    - target: {fileID: 7895084239016569520, guid: bf3023184494fd74cb1557aa78b5d2ec,
        type: 3}
      propertyPath: m_LocalPosition.z
      value: 0
      objectReference: {fileID: 0}
    - target: {fileID: 7895084239016569520, guid: bf3023184494fd74cb1557aa78b5d2ec,
        type: 3}
      propertyPath: m_LocalRotation.x
      value: -0
      objectReference: {fileID: 0}
    - target: {fileID: 7895084239016569520, guid: bf3023184494fd74cb1557aa78b5d2ec,
        type: 3}
      propertyPath: m_LocalRotation.y
      value: -0
      objectReference: {fileID: 0}
    - target: {fileID: 7895084239016569520, guid: bf3023184494fd74cb1557aa78b5d2ec,
        type: 3}
      propertyPath: m_LocalRotation.z
      value: -0
      objectReference: {fileID: 0}
    - target: {fileID: 7895084239016569520, guid: bf3023184494fd74cb1557aa78b5d2ec,
        type: 3}
      propertyPath: m_LocalRotation.w
      value: 1
      objectReference: {fileID: 0}
    - target: {fileID: 7895084239016569520, guid: bf3023184494fd74cb1557aa78b5d2ec,
        type: 3}
      propertyPath: m_RootOrder
      value: 4
      objectReference: {fileID: 0}
    - target: {fileID: 7895084239016569520, guid: bf3023184494fd74cb1557aa78b5d2ec,
        type: 3}
      propertyPath: m_LocalEulerAnglesHint.x
      value: 0
      objectReference: {fileID: 0}
    - target: {fileID: 7895084239016569520, guid: bf3023184494fd74cb1557aa78b5d2ec,
        type: 3}
      propertyPath: m_LocalEulerAnglesHint.y
      value: 0
      objectReference: {fileID: 0}
    - target: {fileID: 7895084239016569520, guid: bf3023184494fd74cb1557aa78b5d2ec,
        type: 3}
      propertyPath: m_LocalEulerAnglesHint.z
      value: 0
      objectReference: {fileID: 0}
    - target: {fileID: 7895084239016569522, guid: bf3023184494fd74cb1557aa78b5d2ec,
        type: 3}
      propertyPath: m_SortingLayerID
      value: -1229896279
      objectReference: {fileID: 0}
    - target: {fileID: 7895084239016569522, guid: bf3023184494fd74cb1557aa78b5d2ec,
        type: 3}
      propertyPath: m_SortingLayer
      value: 5
      objectReference: {fileID: 0}
    - target: {fileID: 7895084239016569522, guid: bf3023184494fd74cb1557aa78b5d2ec,
        type: 3}
      propertyPath: m_SortingOrder
      value: 1
      objectReference: {fileID: 0}
    - target: {fileID: 7895084239016569523, guid: bf3023184494fd74cb1557aa78b5d2ec,
        type: 3}
      propertyPath: shopKeeperDialogue
      value: 
      objectReference: {fileID: 8690321501827088982}
    - target: {fileID: 7895084239016569524, guid: bf3023184494fd74cb1557aa78b5d2ec,
        type: 3}
      propertyPath: m_Name
      value: PurchasableItem (4)
      objectReference: {fileID: 0}
    - target: {fileID: 7895084239985535249, guid: bf3023184494fd74cb1557aa78b5d2ec,
        type: 3}
      propertyPath: m_textInfo.characterCount
      value: 3
      objectReference: {fileID: 0}
    - target: {fileID: 7895084239985535249, guid: bf3023184494fd74cb1557aa78b5d2ec,
        type: 3}
      propertyPath: m_textInfo.wordCount
      value: 1
      objectReference: {fileID: 0}
    - target: {fileID: 7895084239985535249, guid: bf3023184494fd74cb1557aa78b5d2ec,
        type: 3}
      propertyPath: m_textInfo.lineCount
      value: 1
      objectReference: {fileID: 0}
    - target: {fileID: 7895084239985535249, guid: bf3023184494fd74cb1557aa78b5d2ec,
        type: 3}
      propertyPath: m_textInfo.pageCount
      value: 1
      objectReference: {fileID: 0}
    - target: {fileID: 7895084239985535262, guid: bf3023184494fd74cb1557aa78b5d2ec,
        type: 3}
      propertyPath: m_SizeDelta.x
      value: 0
      objectReference: {fileID: 0}
    - target: {fileID: 7895084239985535262, guid: bf3023184494fd74cb1557aa78b5d2ec,
        type: 3}
      propertyPath: m_SizeDelta.y
      value: 0
      objectReference: {fileID: 0}
    - target: {fileID: 7895084240226088692, guid: bf3023184494fd74cb1557aa78b5d2ec,
        type: 3}
      propertyPath: m_textInfo.characterCount
      value: 8
      objectReference: {fileID: 0}
    - target: {fileID: 7895084240226088692, guid: bf3023184494fd74cb1557aa78b5d2ec,
        type: 3}
      propertyPath: m_textInfo.spaceCount
      value: 1
      objectReference: {fileID: 0}
    - target: {fileID: 7895084240226088692, guid: bf3023184494fd74cb1557aa78b5d2ec,
        type: 3}
      propertyPath: m_textInfo.wordCount
      value: 2
      objectReference: {fileID: 0}
    - target: {fileID: 7895084240226088692, guid: bf3023184494fd74cb1557aa78b5d2ec,
        type: 3}
      propertyPath: m_textInfo.lineCount
      value: 1
      objectReference: {fileID: 0}
    - target: {fileID: 7895084240226088692, guid: bf3023184494fd74cb1557aa78b5d2ec,
        type: 3}
      propertyPath: m_textInfo.pageCount
      value: 1
      objectReference: {fileID: 0}
    - target: {fileID: 7895084240226088693, guid: bf3023184494fd74cb1557aa78b5d2ec,
        type: 3}
      propertyPath: m_SizeDelta.x
      value: 0
      objectReference: {fileID: 0}
    - target: {fileID: 7895084240226088693, guid: bf3023184494fd74cb1557aa78b5d2ec,
        type: 3}
      propertyPath: m_SizeDelta.y
      value: 0
      objectReference: {fileID: 0}
    m_RemovedComponents: []
  m_SourcePrefab: {fileID: 100100000, guid: bf3023184494fd74cb1557aa78b5d2ec, type: 3}
--- !u!1 &2979328232308547880 stripped
GameObject:
  m_CorrespondingSourceObject: {fileID: 7895084239016569524, guid: bf3023184494fd74cb1557aa78b5d2ec,
    type: 3}
  m_PrefabInstance: {fileID: 4956293255996443548}
  m_PrefabAsset: {fileID: 0}
--- !u!4 &2979328232308547884 stripped
Transform:
  m_CorrespondingSourceObject: {fileID: 7895084239016569520, guid: bf3023184494fd74cb1557aa78b5d2ec,
    type: 3}
  m_PrefabInstance: {fileID: 4956293255996443548}
  m_PrefabAsset: {fileID: 0}
--- !u!1001 &5618082738885301919
PrefabInstance:
  m_ObjectHideFlags: 0
  serializedVersion: 2
  m_Modification:
    m_TransformParent: {fileID: 4795050483897371428}
    m_Modifications:
    - target: {fileID: 1951282039207818935, guid: bf3023184494fd74cb1557aa78b5d2ec,
        type: 3}
      propertyPath: m_SizeDelta.x
      value: 0
      objectReference: {fileID: 0}
    - target: {fileID: 1951282039207818935, guid: bf3023184494fd74cb1557aa78b5d2ec,
        type: 3}
      propertyPath: m_SizeDelta.y
      value: 0
      objectReference: {fileID: 0}
    - target: {fileID: 5225920072422392260, guid: bf3023184494fd74cb1557aa78b5d2ec,
        type: 3}
      propertyPath: m_SizeDelta.x
      value: 0
      objectReference: {fileID: 0}
    - target: {fileID: 5225920072422392260, guid: bf3023184494fd74cb1557aa78b5d2ec,
        type: 3}
      propertyPath: m_SizeDelta.y
      value: 0
      objectReference: {fileID: 0}
    - target: {fileID: 6251884969231812298, guid: bf3023184494fd74cb1557aa78b5d2ec,
        type: 3}
      propertyPath: m_SizeDelta.x
      value: 0
      objectReference: {fileID: 0}
    - target: {fileID: 6251884969231812298, guid: bf3023184494fd74cb1557aa78b5d2ec,
        type: 3}
      propertyPath: m_SizeDelta.y
      value: 0
      objectReference: {fileID: 0}
    - target: {fileID: 7895084239016569520, guid: bf3023184494fd74cb1557aa78b5d2ec,
        type: 3}
      propertyPath: m_LocalPosition.x
      value: 0
      objectReference: {fileID: 0}
    - target: {fileID: 7895084239016569520, guid: bf3023184494fd74cb1557aa78b5d2ec,
        type: 3}
      propertyPath: m_LocalPosition.y
      value: 0.35
      objectReference: {fileID: 0}
    - target: {fileID: 7895084239016569520, guid: bf3023184494fd74cb1557aa78b5d2ec,
        type: 3}
      propertyPath: m_LocalPosition.z
      value: 0
      objectReference: {fileID: 0}
    - target: {fileID: 7895084239016569520, guid: bf3023184494fd74cb1557aa78b5d2ec,
        type: 3}
      propertyPath: m_LocalRotation.x
      value: -0
      objectReference: {fileID: 0}
    - target: {fileID: 7895084239016569520, guid: bf3023184494fd74cb1557aa78b5d2ec,
        type: 3}
      propertyPath: m_LocalRotation.y
      value: -0
      objectReference: {fileID: 0}
    - target: {fileID: 7895084239016569520, guid: bf3023184494fd74cb1557aa78b5d2ec,
        type: 3}
      propertyPath: m_LocalRotation.z
      value: -0
      objectReference: {fileID: 0}
    - target: {fileID: 7895084239016569520, guid: bf3023184494fd74cb1557aa78b5d2ec,
        type: 3}
      propertyPath: m_LocalRotation.w
      value: 1
      objectReference: {fileID: 0}
    - target: {fileID: 7895084239016569520, guid: bf3023184494fd74cb1557aa78b5d2ec,
        type: 3}
      propertyPath: m_RootOrder
      value: 2
      objectReference: {fileID: 0}
    - target: {fileID: 7895084239016569520, guid: bf3023184494fd74cb1557aa78b5d2ec,
        type: 3}
      propertyPath: m_LocalEulerAnglesHint.x
      value: 0
      objectReference: {fileID: 0}
    - target: {fileID: 7895084239016569520, guid: bf3023184494fd74cb1557aa78b5d2ec,
        type: 3}
      propertyPath: m_LocalEulerAnglesHint.y
      value: 0
      objectReference: {fileID: 0}
    - target: {fileID: 7895084239016569520, guid: bf3023184494fd74cb1557aa78b5d2ec,
        type: 3}
      propertyPath: m_LocalEulerAnglesHint.z
      value: 0
      objectReference: {fileID: 0}
    - target: {fileID: 7895084239016569522, guid: bf3023184494fd74cb1557aa78b5d2ec,
        type: 3}
      propertyPath: m_SortingLayerID
      value: -1229896279
      objectReference: {fileID: 0}
    - target: {fileID: 7895084239016569522, guid: bf3023184494fd74cb1557aa78b5d2ec,
        type: 3}
      propertyPath: m_SortingLayer
      value: 5
      objectReference: {fileID: 0}
    - target: {fileID: 7895084239016569522, guid: bf3023184494fd74cb1557aa78b5d2ec,
        type: 3}
      propertyPath: m_SortingOrder
      value: 1
      objectReference: {fileID: 0}
    - target: {fileID: 7895084239016569523, guid: bf3023184494fd74cb1557aa78b5d2ec,
        type: 3}
      propertyPath: shopKeeperDialogue
      value: 
      objectReference: {fileID: 8690321501827088982}
    - target: {fileID: 7895084239016569524, guid: bf3023184494fd74cb1557aa78b5d2ec,
        type: 3}
      propertyPath: m_Name
      value: PurchasableItem (2)
      objectReference: {fileID: 0}
    - target: {fileID: 7895084239985535249, guid: bf3023184494fd74cb1557aa78b5d2ec,
        type: 3}
      propertyPath: m_textInfo.characterCount
      value: 3
      objectReference: {fileID: 0}
    - target: {fileID: 7895084239985535249, guid: bf3023184494fd74cb1557aa78b5d2ec,
        type: 3}
      propertyPath: m_textInfo.wordCount
      value: 1
      objectReference: {fileID: 0}
    - target: {fileID: 7895084239985535249, guid: bf3023184494fd74cb1557aa78b5d2ec,
        type: 3}
      propertyPath: m_textInfo.lineCount
      value: 1
      objectReference: {fileID: 0}
    - target: {fileID: 7895084239985535249, guid: bf3023184494fd74cb1557aa78b5d2ec,
        type: 3}
      propertyPath: m_textInfo.pageCount
      value: 1
      objectReference: {fileID: 0}
    - target: {fileID: 7895084239985535262, guid: bf3023184494fd74cb1557aa78b5d2ec,
        type: 3}
      propertyPath: m_SizeDelta.x
      value: 0
      objectReference: {fileID: 0}
    - target: {fileID: 7895084239985535262, guid: bf3023184494fd74cb1557aa78b5d2ec,
        type: 3}
      propertyPath: m_SizeDelta.y
      value: 0
      objectReference: {fileID: 0}
    - target: {fileID: 7895084240226088692, guid: bf3023184494fd74cb1557aa78b5d2ec,
        type: 3}
      propertyPath: m_textInfo.characterCount
      value: 8
      objectReference: {fileID: 0}
    - target: {fileID: 7895084240226088692, guid: bf3023184494fd74cb1557aa78b5d2ec,
        type: 3}
      propertyPath: m_textInfo.spaceCount
      value: 1
      objectReference: {fileID: 0}
    - target: {fileID: 7895084240226088692, guid: bf3023184494fd74cb1557aa78b5d2ec,
        type: 3}
      propertyPath: m_textInfo.wordCount
      value: 2
      objectReference: {fileID: 0}
    - target: {fileID: 7895084240226088692, guid: bf3023184494fd74cb1557aa78b5d2ec,
        type: 3}
      propertyPath: m_textInfo.lineCount
      value: 1
      objectReference: {fileID: 0}
    - target: {fileID: 7895084240226088692, guid: bf3023184494fd74cb1557aa78b5d2ec,
        type: 3}
      propertyPath: m_textInfo.pageCount
      value: 1
      objectReference: {fileID: 0}
    - target: {fileID: 7895084240226088693, guid: bf3023184494fd74cb1557aa78b5d2ec,
        type: 3}
      propertyPath: m_SizeDelta.x
      value: 0
      objectReference: {fileID: 0}
    - target: {fileID: 7895084240226088693, guid: bf3023184494fd74cb1557aa78b5d2ec,
        type: 3}
      propertyPath: m_SizeDelta.y
      value: 0
      objectReference: {fileID: 0}
    m_RemovedComponents: []
  m_SourcePrefab: {fileID: 100100000, guid: bf3023184494fd74cb1557aa78b5d2ec, type: 3}
--- !u!1 &2334985793084144683 stripped
GameObject:
  m_CorrespondingSourceObject: {fileID: 7895084239016569524, guid: bf3023184494fd74cb1557aa78b5d2ec,
    type: 3}
  m_PrefabInstance: {fileID: 5618082738885301919}
  m_PrefabAsset: {fileID: 0}
--- !u!4 &2334985793084144687 stripped
Transform:
  m_CorrespondingSourceObject: {fileID: 7895084239016569520, guid: bf3023184494fd74cb1557aa78b5d2ec,
    type: 3}
  m_PrefabInstance: {fileID: 5618082738885301919}
  m_PrefabAsset: {fileID: 0}
